@book{RMG95,
author       = "{The RAISE Method Group}",
title        = "{The RAISE Development Method}",
PUBLISHER    = "Prentice Hall",
SERIES       = "BCS Practitioner Series",
year         = "1995",
note         = "Available by ftp from \url{ftp://ftp.iist.unu.edu/pub/RAISE/method_book}"}

@book{RLG92,
author       = "{The RAISE Language Group}",
title        = "{The RAISE Specification Language}",
PUBLISHER    = "Prentice Hall",
SERIES       = "BCS Practitioner Series",
year         = "1992"}


@incollection{RAISETools2003,
year={2003},
isbn={978-3-540-20527-2},
booktitle={Formal Methods at the Crossroads. From Panacea to Foundational Support},
volume={2757},
series={Lecture Notes in Computer Science},
editor={Aichernig, Bernhard K. and Maibaum, Tom},
doi={10.1007/978-3-540-40007-3_4},
title={The {D}evelopment of the {RAISE T}ools},
url={http://dx.doi.org/10.1007/978-3-540-40007-3_4},
publisher={Springer Berlin Heidelberg},
author={George, Chris},
pages={49-64}
}

@misc{rsltcUserGuide,
title = {{RAISE Tool User Guide}},
url = 
    {http://www.iist.unu.edu/newrh/III/3/1/docs/rsltc/user_guide/html/ug.html}, 
institution = {UNU/IIST},
year = {2008}
}

@techreport{edenReferenceManual,
author = {Bruun, P.M. and et al.},
title = {{RAISE Tools Reference Manual}},
number = {LACOS/CRI/DOC/17}, 
institution =  {CRI: Computer Resources International}, 
year = {1995}
}

@Book{WaldenNerson95,
  author =       " Kim Wald{\'{e}}n and Jean-Marc Nerson ",
  title =        { Seamless Object-Oriented Software Architecture -
                  Analysis and Design of Reliable Systems },
  publisher =    pub-ph,
  year =         1995
}

@InProceedings{PaigeOstroff01b,
  author =       { Richard F. Paige and Jonathan Ostroff },
  title =        " Metamodelling and Conformance Checking with {PVS} ",
  booktitle =    { Proceedings of Fundamental Aspects of Software
                  Engineering },
  year =         2001,
  volume =       2029,
  series =       lncs,
  month =        apr,
  publisher =    pub-sv,
  note =         " Also available via
                  \url{http://www.cs.yorku.ca/techreports/2000/CS-2000-03.html} "
}

@Article{PaigeEtal02,
  author =	 { Richard Paige and Liliya Kaminskaya and Jonathan
                  Ostroff and Jason Lancaric },
  title =	 " {BON-CASE}: An Extensible {CASE} Tool for Formal
                  Specification and Reasoning ",
  journal =	 jot,
  year =	 2002,
  volume =	 1,
  number =	 3,
  note =	 { Special issue: TOOLS USA 2002
                  Proceedings. Available online at
                  \href{http://www.jot.fm/} {http://www.jot.fm/}. }
}

@Misc{EBON01,
  key =          {EBON},
  author =       { Joseph R.~Kiniry },
  title =        " The {Extended BON} Tool Suite ",
  note =         { Available via \url{http://ebon.sourceforge.net/} },
  year =         2001
}

@PhdThesis{Kiniry02-PhDThesis,
  author =       { Joseph R. Kiniry },
  title =        { Kind Theory },
  school =       caltechcs,
  year =         2002
}

@INPROCEEDINGS{6229816, 
author={Naujokat, S. and Lamprecht, A. and Steffen, B. and Jorges, S. and Margaria, T.}, 
booktitle={Developing Tools as Plug-ins (TOPI), 2012 2nd Workshop on}, title={Simplicity principles for plug-in development: The jABC approach}, 
year={2012}, 
month={june}, 
volume={}, 
number={}, 
pages={7 -12}, 
keywords={Data models;Generators;Java;Load modeling;Next generation networking;Programming;Semantics;Visual BASIC;data structures;directed graphs;graphical user interfaces;Genesys;PROPHETS;arbitrary code generator functionality;directed graphs;jABC approach;plug-in development;sophisticated graphical user interface;}, 
doi={10.1109/TOPI.2012.6229816}, 
ISSN={},}

@Misc{LancaricOstroffPaige02,
  key =          {BONCASETOOL},
  author =       { Jason Lancaric and Jonathan Ostroff and Richard Paige },
  title =        " The {BON CASE} Tool ",
  howpublished = " Details available via
                  \href{http://www.cs.yorku.ca/~eiffel/bon_case_tool/}
                       {http://www.cs.yorku.ca/$\sim$eiffel/bon\_case\_tool/} ",
  month =        mar,
  year =         2002
}

@MastersThesis{Darulova09,
  author =       { Eva Darulov{\'{a}} },
  title =        "{Beetlz} - {BON} Software Model Consistency Checker for {Eclipse}",
  school =       {University College Dublin},
  year =         2009}

@MastersThesis{Fasie13,
  author =       { Marieta Vasilica Fasie },
  title =        "{An Eclipse based Development Environment for RAISE}",
  school =       {DTU Compute, Technical University of Denmark},
  year =         {to appear May 2013},
  ISBN =	{978-87-643-1161-7}}
