@book{RMG95,
author       = "{RAISE Method Group}, The",
title        = "{The RAISE Development Method}",
PUBLISHER    = "Prentice Hall",
SERIES       = "BCS Practitioner Series",
year         = "1995",
note         = "Available by ftp from \url{ftp://ftp.iist.unu.edu/pub/RAISE/method_book}"}

@book{RLG92,
author       = "{RAISE Language Group}, The",
title        = "{The RAISE Specification Language}",
PUBLISHER    = "Prentice Hall",
SERIES       = "BCS Practitioner Series",
year         = "1992"}
